<record><leader>00000cas a2200000Ma 4500</leader><controlfield tag="001">11082786</controlfield><controlfield tag="008">840823d18731878inuwr ne      0    0eng d</controlfield><datafield ind1=" " ind2=" " tag="010"><subfield code="a">sn 84023936 </subfield></datafield><datafield ind1=" " ind2=" " tag="040"><subfield code="a">AQM</subfield><subfield code="b">eng</subfield><subfield code="c">AQM</subfield><subfield code="d">OCLCQ</subfield></datafield><datafield ind1=" " ind2=" " tag="019"><subfield code="a">11065900</subfield></datafield><datafield ind1="0" ind2=" " tag="130"><subfield code="a">Press (Greencastle, Ind. : 1873)</subfield></datafield><datafield ind1="1" ind2="4" tag="245"><subfield code="a">The press.</subfield></datafield><datafield ind1="1" ind2="3" tag="246"><subfield code="a">Indiana press</subfield></datafield><datafield ind1=" " ind2=" " tag="260"><subfield code="a">Greencastle, Ind. :</subfield><subfield code="b">Howard Briggs,</subfield><subfield code="c">1873-1878.</subfield></datafield><datafield ind1=" " ind2=" " tag="310"><subfield code="a">Weekly</subfield></datafield><datafield ind1="0" ind2=" " tag="362"><subfield code="a">Vol. 15, no. 35 (Jan. 1, 1873)-v. 21, no. 33 (Dec. 11, 1878) = whole no. 761-whole no. 1083.</subfield></datafield><datafield ind1=" " ind2="7" tag="655"><subfield code="a">Newspapers.</subfield><subfield code="2">rbgenr</subfield></datafield><datafield ind1=" " ind2=" " tag="752"><subfield code="a">United States</subfield><subfield code="b">Indiana</subfield><subfield code="c">Putnam</subfield><subfield code="d">Greencastle.</subfield></datafield><datafield ind1="0" ind2="0" tag="780"><subfield code="t">Indiana press (Greencastle, Ind. : 1870)</subfield><subfield code="w">(DLC)sn 85038041</subfield><subfield code="w">(OCoLC)11659585</subfield></datafield><datafield ind1="0" ind2="0" tag="785"><subfield code="t">Dollar press</subfield><subfield code="w">(DLC)sn 87055012</subfield></datafield><datafield ind1="1" ind2=" " tag="029"><subfield code="a">AU@</subfield><subfield code="b">000025829358</subfield></datafield></record>